Plačiau apie šaltinių tipus ir jų atributus:
http://mirror.datacenter.by/pub/mirrors/CTAN/macros/latex/contrib/biblatex/doc/biblatex.pdf#subsection.2.1

@inproceedings{simpson1999faster,
  title={Faster shellsort sequences: A genetic algorithm application.},
  author={Simpson, Richard and Yachavaram, Shashidhar},
  booktitle={Computers and Their Applications},
  pages={384--387},
  year={1999}
}

@inproceedings{roos2002genetic,
  title={A genetic algorithm for improved shellsort sequences},
  author={Roos, Robert S and Bennett, Tiffany and Hannon, Jennifer and Zehner, Elizabeth},
  booktitle={Proceedings of the 4th Annual Conference on Genetic and Evolutionary Computation},
  pages={694--694},
  year={2002}
}

@inproceedings{ciura2001best,
  title={Best increments for the average case of shellsort},
  author={Ciura, Marcin},
  booktitle={International Symposium on Fundamentals of Computation Theory},
  pages={106--117},
  year={2001},
  organization={Springer}
}

@inproceedings{tokuda1992,
  author = {Tokuda, Naoyuki},
  title = {An Improved Shellsort},
  year = {1992},
  isbn = {044489747X},
  publisher = {North-Holland Publishing Co.},
  address = {NLD},
  booktitle = {Proceedings of the IFIP 12th World Computer Congress on Algorithms, Software, Architecture - Information Processing '92, Volume 1 - Volume I},
  pages = {449–457},
  numpages = {9}
}